@ONLINE{
	bara:2013:online,
	author = {Morrison, Daniel},
	title  = {Building Awesome Rails APIs: Part 1},
	month  = jun,
	year   = {2013},
	url    = {http://collectiveidea.com/blog/archives/2013/06/13/building-awesome-rails-apis-part-1/}
}

@ONLINE{
	saa:2013:online,
	author = {McDonnell, Mark},
	title  = {SQLite and ActiveRecord},
	month  = oct,
	year   = {2013},
	url    = {http://www.integralist.co.uk/posts/sqlite-and-activerecord/}
}